@Book{uniparma,
	Editor = {Terra, Universit{\`{a}} degli Studi di Pavia -. Dipartimento di Scienze della},
	author = {Clerici, A.},
	title = {GRASS 6.2 Manuale pratico introduttivo},
	year = {2007},
        hyphenation = {italian},
}

@Misc{wiki:xxx,
	Note = {[Online; accessed 7-July-2009]},
	Url = {http://en.wikipedia.org/w/index.php?title=GIS_in_archaeology\&oldid=300787884},
	author = {Wikipedia,},
	title = {GIS in archaeology {--}- Wikipedia, The Free Encyclopedia},
	year = {2009},
        hyphenation = {english},
}

@booklet{manual-neteler,
	author = {Dassau, Otto and Holl, Stephan and Neteler, Markus and Dr. Redslob, Manfred},
	title = {An introduction to the practical use of the Free Geographical Information System GRASS 6.0},
        year = {2005},
        editor = {GDF Hannover bR},
        hyphenation = {english},
}

@article{webmapping-arch,
	author = {Djindjian, F.},
	title = {Webmapping in the historical and archaeological sciences. An introduction},
	journal = {Archeologia e Calcolatori},
	number = {19},
	pages = {9-16},
	year = {2008},
        hyphenation = {english},
}

@article{geoportali-archeologia,
	author = {Chaumet, A.},
	title = {Webmapping, arch{\'{e}}ologie et g{\'{e}}oportail},
	journal = {Archeologia e Calcolatori},
	number = {19},
	pages = {79-86},
	year = {2008},
        hyphenation = {french},
}

@report{tellusarticle,
	author = {Gomez, Manuel and Delrieu, Philippe and Dom\'{i}nguez, Juan Lucas},
	title = {The Tellus project},
	year = {2009},
	url = {https://svn.prodevelop.es/public/labs/gvsigmobileonopenmoko/webresources/media/tellus_article_5th_gvsig_conference.pdf},
        hyphenation = {english},
}

@BOOK{siponto-abbandonata-medioevo,
    author = {Laganara, C.},
    title = {Siponto. Archeologia di una città abbandonata nel Medioevo},
    publisher = {Foggia},
    year = {2011},
}

@BOOK{case-cose,
    author = {Laganara, C.},
    title = {Case e cose nella Siponto medievale. Da una ricerca archeologica},
    publisher = {Foggia},
    year = {2012},
}

@INPROCEEDINGS{vervassium,
    author = {Bezzi, A. and Bezzi, L. and Endrizzi, L. and Frassine, M. and Gietl, R. and Naponiello, G. and Pisu, N.},
    title = {Progetto Castellum Vervassium: dal dato archeologico al WebGIS},
    booktitle = {Archeologia e Calcolatori},
    year = {2011},
    volume = {22},
}

@INPROCEEDINGS{gis-applications,
    author = {Scianna, A. and Villa, B.},
    title = {GIS applications in archaeology},
    booktitle = {Archeologia e Calcolatori},
    year = {2011},
    volume = {22},
}

@INPROCEEDINGS{hierapolis,
    author = {Castrianni, L. and Ditaranto, I. and Di Giacomo, G. and Scardozzi, G.},
    title = {La cinta muraria di Hierapolis di Frigia: il geodatabase dei materiali di reimpiego come strumento di ricerca e conoscenza del monumento e della città},
    booktitle = {Archeologia e Calcolatori},
    year = {2010},
    volume = {21}
}

@INPROCEEDINGS{webmapping-etruscan,
    author = {Moscati, P.},
    title = {Webmapping in the Etruscan landscape},
    booktitle = {Archeologia e Calcolatori},
    year = {2008},
    volume = {19}
}

@INPROCEEDINGS{itanos,
    author = {Costa, L. and Duplouy, A. and Eyraud, F. and Sarris, A.},
    title = {Vers la mise en réseau des données et des cherceurs: le système d'information de la prospection d'Itanos (Crète orientale)},
    booktitle = {Archeologia e Calcolatori},
    year = {2008},
    volume = {19}
}

@INPROCEEDINGS{landlab-archeo,
    author = {Semeraro, G.},
    title = {Landlab project and archaeology on-line. Web-based systems for the study of settlement patterns and excavation data in classical archaeology},
    booktitle = {Archeologia e Calcolatori},
    year = {2007},
    volume = {18}
}

@INPROCEEDINGS{open-source-archeologia,
    author = {Pescarin, S.},
    title = {Open source in archeologia. Nuove prospettive per la ricerca},
    booktitle = {Archeologia e Calcolatori},
    year = {2006},
    volume = {17}
}

@INPROCEEDINGS{ark-framework,
    author = {Eve, S. and Hunt, G.},
    title = {ARK : A Development Framework for Archaeological Recording},
    booktitle = {Layers of Perception. Proceedings of the 35th International Conference on Computer Applications and Quantitative Methods in Archaeology},
    year = {2007}
}

@MISC{grass-arch,
    author = {de Virgilio, F.},
    howpublished = {\url{https://github.com/fradeve/grass-arch/blob/master/paper_presentazione/paper.pdf}},
    year = {2011}
}

