@Book{uniparma,
	Editor = {Terra, Universit{\`{a}} degli Studi di Pavia -. Dipartimento di Scienze della},
	author = {Clerici, A.},
	title = {GRASS 6.2 Manuale pratico introduttivo},
	year = {2007},
        hyphenation = {italian},
}

@Misc{wiki:xxx,
	Note = {[Online; accessed 7-July-2009]},
	Url = {http://en.wikipedia.org/w/index.php?title=GIS_in_archaeology\&oldid=300787884},
	author = {Wikipedia,},
	title = {GIS in archaeology {--}- Wikipedia, The Free Encyclopedia},
	year = {2009},
        hyphenation = {english},
}

@booklet{manual-neteler,
	author = {Dassau, Otto and Holl, Stephan and Neteler, Markus and Dr. Redslob, Manfred},
	title = {An introduction to the practical use of the Free Geographical Information System GRASS 6.0},
        year = {2005},
        editor = {GDF Hannover bR},
        hyphenation = {english},
}

@article{webmapping-arch,
	author = {Djindjian, F.},
	title = {Webmapping in the historical and archaeological sciences. An introduction},
	journal = {Archeologia e Calcolatori},
	number = {19},
	pages = {9-16},
	year = {2008},
        hyphenation = {english},
}

@article{geoportali-archeologia,
	author = {Chaumet, A.},
	title = {Webmapping, arch{\'{e}}ologie et g{\'{e}}oportail},
	journal = {Archeologia e Calcolatori},
	number = {19},
	pages = {79-86},
	year = {2008},
        hyphenation = {french},
}

@report{tellusarticle,
	author = {Gomez, Manuel and Delrieu, Philippe and Dom\'{i}nguez, Juan Lucas},
	title = {The Tellus project},
	year = {2009},
	url = {https://svn.prodevelop.es/public/labs/gvsigmobileonopenmoko/webresources/media/tellus_article_5th_gvsig_conference.pdf},
        hyphenation = {english},
}

